@misc{Bjerge2017,
author = {Bjerge, Kim},
file = {:C$\backslash$:/Git Repositories/particle{\_}swarm{\_}optimization{\_}embedded/references/ERTS{\_}Project.pdf:pdf},
number = {November},
pages = {2--3},
title = {{Project in Embedded Real Time Systems}},
url = {https://blackboard.au.dk/bbcswebdav/pid-1860576-dt-content-rid-5344534{\_}1/courses/BB-Cou-UUVA-75742/Project/ERTS{\_}Project.pdf},
year = {2017}
}
